@misc{uci,
	author = {Meyer-Kahlen, Stefan},
	howpublished = {https://www.shredderchess.de/download.html (aufgerufen 26.9.19)},
	month = {April},
	title = {Description of the universal chess interface (UCI)},
	year = {2006}
}

